<record><leader>00000cas a2200000 a 4500</leader><controlfield tag="001">33201722</controlfield><controlfield tag="008">950926c18789999nyuwr ne      0    0eng c</controlfield><datafield ind1=" " ind2=" " tag="010"><subfield code="a">sn 95071389 </subfield></datafield><datafield ind1=" " ind2=" " tag="040"><subfield code="a">NYS</subfield><subfield code="b">eng</subfield><subfield code="c">NYS</subfield><subfield code="d">OCLCQ</subfield><subfield code="d">OCLCF</subfield><subfield code="d">OCLCO</subfield></datafield><datafield ind1="1" ind2=" " tag="029"><subfield code="a">AU@</subfield><subfield code="b">000025899297</subfield></datafield><datafield ind1=" " ind2=" " tag="042"><subfield code="a">pcc</subfield></datafield><datafield ind1=" " ind2=" " tag="043"><subfield code="a">n-us-ny</subfield></datafield><datafield ind1="0" ind2="4" tag="245"><subfield code="a">The Roslyn news.</subfield></datafield><datafield ind1="1" ind2="3" tag="246"><subfield code="a">Mineola sun</subfield><subfield code="f">&lt;1932-1933&gt;</subfield></datafield><datafield ind1="1" ind2="3" tag="246"><subfield code="a">Williston Post</subfield><subfield code="f">&lt;1932-1933&gt;</subfield></datafield><datafield ind1="1" ind2="3" tag="246"><subfield code="a">Mineola news</subfield><subfield code="f">&lt;1951-1954&gt;</subfield></datafield><datafield ind1="1" ind2="3" tag="246"><subfield code="a">Mineola news-sun</subfield><subfield code="f">&lt;1951-1954&gt;</subfield></datafield><datafield ind1="1" ind2="7" tag="246"><subfield code="a">Manhasset press</subfield></datafield><datafield ind1=" " ind2=" " tag="260"><subfield code="a">Roslyn, Queens County, N.Y. :</subfield><subfield code="b">W.R. Burling</subfield></datafield><datafield ind1=" " ind2=" " tag="300"><subfield code="a">v.</subfield></datafield><datafield ind1=" " ind2=" " tag="310"><subfield code="a">Weekly</subfield></datafield><datafield ind1="1" ind2=" " tag="362"><subfield code="a">Began in 1878.</subfield><subfield code="z">Cf. Sealock &amp; Seely. Long Island bibl., 1940.</subfield></datafield><datafield ind1=" " ind2=" " tag="500"><subfield code="a">Published in Roslyn, N.Y., 1878-1990, in Mineola, N.Y., 1990-&lt;1997&gt;.</subfield></datafield><datafield ind1=" " ind2=" " tag="500"><subfield code="a">Published by: W.R. Burling, 1878- ; The Roslyn News, &lt;1924-1929&gt;; North Hempstead Press, &lt;1930-1932&gt;; Griscom Publications, &lt;1950&gt;; Anton Community Newspapers, &lt;1990-1997&gt;.</subfield></datafield><datafield ind1=" " ind2=" " tag="515"><subfield code="a">Sept. 2, 1898 issue misdated Aug. 26, 1898.</subfield></datafield><datafield ind1=" " ind2=" " tag="588"><subfield code="a">Description based on: Vol. 1, no. 2 (Apr. 13, 1878).</subfield></datafield><datafield ind1=" " ind2="0" tag="651"><subfield code="a">Roslyn (N.Y.)</subfield><subfield code="v">Newspapers.</subfield></datafield><datafield ind1=" " ind2="0" tag="651"><subfield code="a">Mineola (N.Y.)</subfield><subfield code="v">Newspapers.</subfield></datafield><datafield ind1=" " ind2="0" tag="651"><subfield code="a">Nassau County (N.Y.)</subfield><subfield code="v">Newspapers.</subfield></datafield><datafield ind1=" " ind2="0" tag="651"><subfield code="a">Queens County (N.Y.)</subfield><subfield code="v">Newspapers.</subfield></datafield><datafield ind1=" " ind2="7" tag="655"><subfield code="a">Newspapers.</subfield><subfield code="2">fast</subfield><subfield code="0">(OCoLC)fst01423814</subfield></datafield><datafield ind1=" " ind2="7" tag="651"><subfield code="a">New York (State)</subfield><subfield code="z">Mineola.</subfield><subfield code="2">fast</subfield><subfield code="0">(OCoLC)fst01223780</subfield></datafield><datafield ind1=" " ind2="7" tag="651"><subfield code="a">New York (State)</subfield><subfield code="z">Nassau County.</subfield><subfield code="2">fast</subfield><subfield code="0">(OCoLC)fst01205518</subfield></datafield><datafield ind1=" " ind2="7" tag="651"><subfield code="a">New York (State)</subfield><subfield code="z">Queens County.</subfield><subfield code="2">fast</subfield><subfield code="0">(OCoLC)fst01246810</subfield></datafield><datafield ind1=" " ind2="7" tag="651"><subfield code="a">New York (State)</subfield><subfield code="z">Roslyn.</subfield><subfield code="2">fast</subfield><subfield code="0">(OCoLC)fst01207111</subfield></datafield><datafield ind1=" " ind2=" " tag="752"><subfield code="a">United States</subfield><subfield code="b">New York</subfield><subfield code="c">Nassau</subfield><subfield code="d">Mineola.</subfield></datafield><datafield ind1=" " ind2=" " tag="752"><subfield code="a">United States</subfield><subfield code="b">New York</subfield><subfield code="c">Nassau</subfield><subfield code="d">Roslyn.</subfield></datafield><datafield ind1=" " ind2=" " tag="752"><subfield code="a">United States</subfield><subfield code="b">New York</subfield><subfield code="c">Queens</subfield><subfield code="d">Roslyn.</subfield></datafield><datafield ind1="0" ind2="5" tag="780"><subfield code="t">Williston post</subfield><subfield code="w">(DLC)sn 97063667</subfield><subfield code="w">(OCoLC)37503939</subfield></datafield><datafield ind1="0" ind2="5" tag="780"><subfield code="t">News-sun (Mineola, N.Y.)</subfield><subfield code="w">(DLC)sn 97063682</subfield><subfield code="w">(OCoLC)37625129</subfield></datafield></record>